%% This BibTeX bibliography file was created using BibDesk.
%% https://bibdesk.sourceforge.io/

%% Created for Til Blechschmidt at 2018-08-30 17:51:06 +0200 


%% Saved with string encoding Unicode (UTF-8) 



@misc{frameworks:uglifyJS,
	Author = {Steven Hargrove},
	Date-Added = {2018-08-30 17:45:56 +0200},
	Date-Modified = {2018-08-30 17:51:03 +0200},
	Howpublished = {\url{https://webpack.js.org/plugins/uglifyjs-webpack-plugin/} [Letzter Zugriff: 30.08.2018]},
	Title = {UglifyjsWebpackPlugin},
	Bdsk-Url-1 = {https://webpack.js.org/plugins/uglifyjs-webpack-plugin/}}

@misc{frameworks:angular-hmr,
	Author = {PatrickJS},
	Date-Added = {2018-08-29 17:17:00 +0200},
	Date-Modified = {2018-08-29 17:22:15 +0200},
	Howpublished = {\url{https://github.com/gdi2290/angular-hmr} [Letzter Zugriff: 29.08.18]},
	Title = {Angular Hot Module Replacement},
	Bdsk-Url-1 = {https://github.com/gdi2290/angular-hmr}}

@misc{optimization-source:webpack,
	Date-Added = {2018-08-26 12:31:47 +0000},
	Date-Modified = {2018-08-26 12:32:49 +0000},
	Howpublished = {\url{https://webpack.js.org/guides/build-performance/} [Letzter Zugriff: 26.08.18]},
	Title = {Webpack Dokumentation},
	Bdsk-Url-1 = {https://webpack.js.org/guides/build-performance/}}

@misc{definition:cpuTime,
	Author = {Free Software Foundation, Inc},
	Date-Added = {2018-08-26 12:21:50 +0000},
	Date-Modified = {2018-08-26 12:23:44 +0000},
	Howpublished = {\url{https://www.gnu.org/software/libc/manual/html_node/Processor-And-CPU-Time.html#Processor-And-CPU-Time} [Letzter Zugriff: 26.08.18]},
	Month = {8},
	Title = {GNU Libc Manual},
	Year = {2018},
	Bdsk-Url-1 = {https://www.gnu.org/software/libc/manual/html_node/Processor-And-CPU-Time.html#Processor-And-CPU-Time}}

@misc{optimization-source:minify,
	Author = {Alex Lam S.L.},
	Date-Added = {2018-08-26 11:48:27 +0000},
	Date-Modified = {2018-08-26 11:53:12 +0000},
	Howpublished = {\url{https://github.com/mishoo/UglifyJS2/blob/f3a487a36829eabc7b2d878eba299f7d97d830e0/README.md#uglify-fast-minify-mode} [Letzter Zugriff: 26.08.18]},
	Month = {7},
	Title = {Uglify Fast Minify Mode},
	Year = {2017},
	Bdsk-Url-1 = {https://github.com/mishoo/UglifyJS2/blob/f3a487a36829eabc7b2d878eba299f7d97d830e0/README.md#uglify-fast-minify-mode}}

@misc{frameworks:victory,
	Author = {Formidable Labs},
	Date-Added = {2018-08-26 11:14:04 +0000},
	Date-Modified = {2018-08-26 11:33:26 +0000},
	Howpublished = {\url{https://formidable.com/open-source/victory/} [Letzter Zugriff: 26.08.18]},
	Title = {React.js components for modular charting and data visualization},
	Bdsk-Url-1 = {https://formidable.com/open-source/victory/}}

@misc{guidelines:material-ui,
	Author = {Google LLC},
	Date-Added = {2018-08-26 11:13:29 +0000},
	Date-Modified = {2018-08-26 11:45:53 +0000},
	Howpublished = {\url{https://material.io/design/introduction} [Letzter Zugriff: 26.08.18]},
	Title = {Material Design},
	Bdsk-Url-1 = {https://material.io/design/introduction}}

@misc{frameworks:material-ui,
	Date-Added = {2018-08-26 11:12:49 +0000},
	Date-Modified = {2018-08-26 11:45:46 +0000},
	Howpublished = {\url{https://material-ui.com} [Letzter Zugriff: 26.08.18]},
	Lastchecked = {26. August 2018},
	Title = {Material-UI},
	Bdsk-Url-1 = {https://material-ui.com}}

@misc{npmtrends:frameworks,
	Author = {John Potter},
	Date-Added = {2018-08-26 11:11:52 +0000},
	Date-Modified = {2018-08-26 11:42:59 +0000},
	Howpublished = {\url{http://www.npmtrends.com/angular-vs-ember-source-vs-react-vs-vue} [Letzter Zugriff: 26.08.18]},
	Lastchecked = {26. August 2018},
	Title = {npm trends},
	Bdsk-Url-1 = {http://www.npmtrends.com/angular-vs-ember-source-vs-react-vs-vue}}

@misc{npmtrends:wab,
	Author = {John Potter},
	Date-Added = {2018-08-26 11:07:54 +0000},
	Date-Modified = {2018-08-26 11:43:47 +0000},
	Howpublished = {\url{http://www.npmtrends.com/webpack-vs-parcel-bundler-vs-rollup-vs-browserify} [Letzter Zugriff: 26.08.18]},
	Lastchecked = {26. August 2018},
	Read = {1},
	Title = {npm trends},
	Bdsk-Url-1 = {http://www.npmtrends.com/webpack-vs-parcel-bundler-vs-rollup-vs-browserify}}
